<?xml version="1.0" encoding="UTF-8"?><record xmlns="http://www.loc.gov/MARC21/slim" xmlns:cinclude="http://apache.org/cocoon/include/1.0" xmlns:zs="http://www.loc.gov/zing/srw/">
  <leader>00787cz  a2200205n  4500</leader>
  <controlfield tag="001">n 2012045434</controlfield>
  <controlfield tag="003">DLC</controlfield>
  <controlfield tag="005">20130606073750.0</controlfield>
  <controlfield tag="008">120713n| azannaabn          |a aaa      </controlfield>
  <datafield tag="010" ind1=" " ind2=" ">
    <subfield code="a">n 2012045434</subfield>
  </datafield>
  <datafield tag="035" ind1=" " ind2=" ">
    <subfield code="a">(OCoLC)oca09252104</subfield>
  </datafield>
  <datafield tag="040" ind1=" " ind2=" ">
    <subfield code="a">DLC</subfield>
    <subfield code="b">eng</subfield>
    <subfield code="e">rda</subfield>
    <subfield code="c">DLC</subfield>
    <subfield code="d">DLC</subfield>
    <subfield code="d">CLU-FT</subfield>
  </datafield>
  <datafield tag="046" ind1=" " ind2=" ">
    <subfield code="g">1949</subfield>
  </datafield>
  <datafield tag="100" ind1="1" ind2=" ">
    <subfield code="a">Hockey, Milton,</subfield>
    <subfield code="d">-1949</subfield>
  </datafield>
  <datafield tag="400" ind1="1" ind2=" ">
    <subfield code="a">Hockey, Milt,</subfield>
    <subfield code="d">-1949</subfield>
  </datafield>
  <datafield tag="400" ind1="1" ind2=" ">
    <subfield code="w">nnea</subfield>
    <subfield code="a">Hockey, Milton,</subfield>
    <subfield code="d">d. 1949</subfield>
  </datafield>
  <datafield tag="400" ind1="1" ind2=" ">
    <subfield code="a">Hocky, Milton,</subfield>
    <subfield code="d">-1949</subfield>
  </datafield>
  <datafield tag="670" ind1=" " ind2=" ">
    <subfield code="a">Symphony in black--a rhapsody of Negro life, 1935</subfield>
    <subfield code="b">(continuity, Milton Hockey)</subfield>
  </datafield>
  <datafield tag="670" ind1=" " ind2=" ">
    <subfield code="a">Internet movie database WWW site, viewed July 13, 2012</subfield>
    <subfield code="b">(Milton Hockey; film writer and editor; d. 10-10-1949; also known as Milt Hockey)</subfield>
  </datafield>
  <datafield tag="670" ind1=" " ind2=" ">
    <subfield code="a">Cab Calloway's jitterbug party [MP] 1935:</subfield>
    <subfield code="b">credits (treatment by Milton Hocky)</subfield>
  </datafield>
</record>